1822 3018
147 111 213 137 tion
619 113 742 139 carru
765 113 807 138 ot:
825 112 1061 139 ecurt-:evome
1083 113 1286 140 srttttttzxtt.
1695 108 1764 135 ΗἹ

147 168 345 199 reconciliavit,
363 169 435 203 quod
451 177 530 196 nemo
553 176 725 203 assequetur,
745 171 797 197 nisi
816 179 929 205 persua·
944 173 966 200 Α

146 213 212 239 serit
236 214 332 239 animat
353 222 407 240 sua:
437 222 488 240 non
515 214 645 240 admirari
670 215 752 241 levem
770 216 830 240 vitm
848 215 928 248 hujus

146 259 270 294 gloriam.

456 314 570 342 CAPUT
590 315 622 343 V.

147 369 283 401 Quomodo
298 369 448 403 facientium
463 371 512 401 sit,
530 376 556 397 ut
574 372 692 398 voluntas
707 372 741 398 ad
756 372 850 398 bonum
872 377 930 398 tan-

417 411 470 431 tum
487 407 520 432 sit
535 412 665 440 promptu.

181 459 269 486 Liberi
284 461 388 487 arbitrii
404 466 521 495 potestas
536 467 577 489 est.
591 463 716 489 voluntas
735 463 831 488 :inimze
848 463 930 488 ratio-

147 506 227 536 natis,
246 514 305 540 quae
317 512 439 541 prompte
457 512 643 541 moveturque
658 508 720 534 velit.
735 517 740 534 ε
761 508 803 534 cui
820 508 929 541 quidem

147 555 211 577 tunc
237 552 423 583 suadebimus,
445 557 473 579 ut
493 553 524 579 ad
553 554 653 579 bonum
671 557 776 579 tantum
802 558 928 587 prompta

147 597 189 629 sit,
203 604 264 624 cum
276 600 432 624 memoriam
452 599 513 625 mali
527 599 738 633 cogitationibus
750 607 930 633 consumpse-

148 649 240 669 t‘ttnus.

452 689 564 716 CAPUT
584 690 626 717 Vt.

147 743 216 776 Quid
236 745 270 771 sit
290 745 375 770 ltimeu
397 754 461 771 vera?
481 748 615 778 scientiae,
638 753 662 773 et
679 748 742 781 quid
763 755 825 772 usus
852 746 929 780 hujus

355 781 460 806 lttminia
473 783 498 807 in
514 788 596 807 tuente
610 783 719 816 efficiat.

180 835 281 861 Lumen
297 843 365 861 verte
377 837 540 870 cognitionis
554 841 595 863 est
608 837 764 863 discernere
778 836 837 863 sine
853 836 929 870 lapsu
948 839 967 866 Β

147 886 248 908 rectum
268 890 281 906 a
301 889 384 914 pravo
407 889 414 907 z
431 882 502 915 quod
527 883 636 916 quidem
654 890 717 908 eum
736 883 781 913 lit,
797 887 863 908 tune
887 883 929 908 via

147 927 266 960 Iustitiae,
280 934 338 960 qua:
352 926 383 951 ad
403 926 484 953 Deum
499 928 583 954 solem
593 928 706 961 justitiae
719 933 833 954 mentem
844 928 929 959 ducit,

147 972 217 998 ultra
231 972 257 997 in
274 972 406 997 inlinitum
421 972 540 999 scientia:
555 973 780 999 illuminationem
796 974 868 999 illam
885 974 925 1007 ip-

147 1024 203 1043 sam
219 1020 333 1043 mentem
351 1017 496 1043 introducit
508 1038 514 1047 .
540 1023 669 1052 tanquam
688 1023 852 1052 quaerentem
870 1019 926 1052 jain

145 1063 273 1096 deinceps
297 1071 356 1088 cunt
383 1063 479 1089 fiducia
500 1064 671 1091 charitatem.
690 1064 780 1096 Quare
803 1069 928 1098 oportet,

144 1109 275 1140 justitiam
289 1109 322 1135 ab
336 1110 367 1135 iis
379 1110 423 1143 qui
436 1110 508 1136 illam
521 1111 685 1136 contumelia
695 1110 800 1136 allicere
813 1111 924 1141 audent,

145 1153 331 1186 indignatione
353 1162 406 1179 non
428 1154 495 1179 irata
510 1154 636 1188 eripere:
657 1155 731 1181 zelus
749 1154 821 1181 onim
842 1155 927 1188 pieta-

146 1197 193 1227 tis,
211 1205 264 1223 non
289 1197 413 1223 habendo
436 1206 598 1232 quemquam
616 1198 696 1229 odio,
721 1198 767 1225 sed
784 1199 922 1232 arguendo

144 1241 308 1267 ostenditur.

443 1298 558 1324 CAPUT
583 1299 636 1325 vlt.

145 1353 214 1386 Quid
233 1355 324 1388 efficiat
347 1363 431 1380 sermo
456 1355 622 1388 spiritualis,
639 1361 661 1381 et
682 1355 750 1388 qttnd
771 1356 927 1381 exercitatio

179 1390 316 1450 qliarttlatij
329 1390 423 1422 afferat
450 1390 601 1423 facultatem
618 1395 642 1416 et
658 1391 759 1423 copiam
775 1390 807 1416 act
824 1391 929 1423 loquen-

179 1433 185 1448 ι
199 1432 240 1449 um
256 1434 262 1448 r
275 1433 287 1450 e
314 1427 367 1450 heo.

181 1470 275 1495 Sermo
290 1471 441 1504 spiritualis
459 1478 570 1497 sensum
588 1471 686 1497 mentis
704 1471 793 1505 explet
809 1481 815 1504 ;
832 1479 928 1505 opera-

144 1517 182 1542 tio
201 1517 272 1542 enim
287 1516 428 1542 charitatis
449 1524 463 1542 a
479 1516 533 1542 Deo
554 1516 652 1547 fertur,
675 1517 850 1550 quamobrem
876 1525 928 1543 nou

145 1564 288 1596 torquetur
307 1569 382 1587 tuens
399 1566 490 1587 nostra
506 1565 571 1587 tune
593 1562 755 1587 tractatione
771 1570 863 1588 rerum
888 1562 930 1587 di-

144 1608 280 1634 vinarum.
298 1606 356 1634 Non
368 1607 440 1633 enim
460 1607 506 1633 illo
519 1612 640 1641 tempore
657 1607 787 1642 inopiam,
804 1616 864 1642 quse
877 1608 930 1634 sol-

146 1653 314 1680 licitudinem
331 1653 409 1679 all'ert
422 1673 429 1684 ,
448 1653 548 1687 patitur
568 1662 573 1679 :
590 1654 689 1687 quippe
705 1661 764 1687 qua:
778 1658 882 1680 tantum
902 1662 931 1681 se

145 1699 421 1732 contemplationibus
443 1699 552 1730 dilatat,
570 1704 705 1733 quantuni
723 1700 845 1733 operatio
862 1700 929 1726 cha-

146 1745 233 1770 ritatis
256 1745 322 1770 vult,
352 1744 440 1776 Quare
467 1744 578 1778 pulchra
607 1752 649 1770 res
684 1750 740 1775 est.
772 1750 931 1780 exspectare

146 1797 253 1824 semper
276 1789 327 1816 lide
352 1797 400 1823 per
421 1790 646 1817 exercitationem
663 1791 821 1821 charitatis.
841 1792 931 1818 lumen

145 1835 263 1862 dicendi.
290 1835 362 1861 Nihil
379 1835 451 1862 enim
475 1837 599 1869 egentius
620 1837 664 1862 illa
691 1841 797 1868 mente,
820 1846 880 1871 quae
898 1838 932 1864 de

147 1882 202 1909 Deo
215 1887 290 1909 extra
309 1882 393 1908 Deum
411 1881 630 1915 philosophatur.

447 1945 561 1972 CAPUT
577 1945 645 1972 vttt.

147 2004 282 2038 Quomodo
307 2003 480 2029 accedendum
501 2003 534 2028 sit
553 2002 587 2028 ad
610 2002 769 2036 loquendum
787 2002 818 2028 (le
834 2002 931 2029 divinis

497 2037 582 2063 rebus.

180 2084 235 2111 Nec
250 2086 357 2118 oportet
378 2090 430 2109 non
448 2083 629 2109 illuminatum
652 2082 794 2109 intendere
813 2086 930 2109 mentem

147 2130 333 2164 spiritualibus
348 2128 619 2162 contemplationibus
630 2147 636 2158 ,
655 2136 742 2162 neque
758 2128 870 2161 copioso
891 2129 930 2153 lu-

146 2177 218 2202 mine
238 2174 407 2209 benignitate
431 2173 548 2207 Spiritus
566 2174 653 2200 sancti
672 2174 813 2207 repletum,
838 2175 929 2200 statim
947 2170 967 2196 D

147 2221 180 2247 ad
199 2221 362 2255 loquendum
382 2219 524 2246 accedere.
542 2219 594 2246 Ubi
615 2220 688 2245 enim
714 2224 755 2245 est
772 2219 873 2253 iuopia,
900 2228 931 2245 ea

146 2266 224 2293 affert
239 2266 417 2301 ignorantiam
437 2274 442 2291 z
457 2264 502 2290 ubi
516 2265 603 2298 copia,
617 2272 670 2291 non
684 2265 747 2290 sinit
759 2265 842 2298 loqui.
855 2265 932 2291 Tunc

147 2312 218 2338 enim
240 2312 340 2343 anima,
358 2311 492 2336 charitate
513 2309 558 2336 Dei
576 2310 648 2336 velut
664 2311 749 2339 ebria,
766 2311 867 2344 expetit
885 2319 932 2344 per

148 2357 286 2384 silentium
310 2356 540 2389 contemplatione
564 2356 656 2389 gloriat
683 2356 791 2382 Domini
818 2357 930 2390 perl‘rui.

150 2403 331 2435 Quamobrem
350 2410 419 2436 opus
437 2405 488 2431 est,
506 2401 649 2428 observata
663 2401 849 2429 mediocritate
871 2403 931 2429 illu-

148 2449 328 2479 minationis,
343 2449 376 2474 ad
398 2448 562 2482 loquendum
586 2448 618 2474 de
632 2447 732 2473 divinis
748 2448 829 2474 rebus
850 2449 930 2475 deve-

148 2494 207 2521 nire
223 2503 228 2520 :
247 2494 303 2519 haec
313 2493 384 2519 enim
402 2501 527 2519 mensura
545 2492 658 2518 l'ormatn
671 2493 815 2527 quamdam
830 2502 932 2519 sermo-

146 2541 189 2566 nis
204 2539 314 2573 gloriosi
335 2539 448 2573 praebet;
464 2538 575 2572 eopiosa
594 2546 656 2563 vero
674 2538 837 2565 illuminatio
851 2540 931 2566 tidem

148 2584 233 2609 nutrit
250 2583 387 2617 loquentis
404 2583 430 2609 in
447 2583 513 2612 lide,
532 2586 560 2607 ut
576 2582 622 2615 qui
639 2581 731 2613 docet,
749 2583 852 2616 primus
870 2584 933 2609 l'ru-

148 2635 222 2655 ctum
242 2629 363 2656 scientia:
383 2633 472 2663 gustet
493 2637 539 2662 pet·
562 2629 733 2654 charitatem.
756 2628 931 2655 Laborantcm

149 2674 232 2705 enim,
250 2674 347 2707 inquit,
367 2674 512 2708 auriculam
533 2674 647 2706 primum
673 2679 772 2706 oportet
792 2674 822 2701 (Ie
839 2675 932 2708 [ructi-

150 2718 196 2744 bus
213 2720 355 2752 percipere.

183 2820 193 2836 ¹
211 2819 232 2848 ll
248 2819 317 2847 Tim.
334 2827 362 2853 n,
380 2820 404 2847 6.
445 2819 454 2834 ³
470 2821 478 2847 l
496 2822 556 2849 Cor.
572 2830 619 2854 χιι,
640 2822 653 2847 7
678 2829 738 2855 sqq.

1287 170 1399 195 (jaret
1421 169 1463 195 tx,

981 236 1018 262 De
1042 237 1200 262 charisimae
1221 238 1373 270 coqrtitinnis
1392 242 1416 261 rt
1440 236 1597 261 charismate
1617 234 1761 267 sapientia,

1015 273 1144 305 qttnmmln
1164 279 1300 305 utrumque
1315 273 1460 300 illuminet,
1477 276 1498 296 et
1516 270 1643 304 quomodo
1660 274 1763 293 utrum-

1015 316 1063 340 qttr
1077 308 1227 340 ttcisuiratttr
1237 309 1256 334 ¹,

1019 361 1102 387 [nius
1120 362 1227 395 quido-nt
1255 362 1372 394 Spiritus
1390 361 1474 387 sancti
1494 364 1557 386 sunt
1577 359 1759 387 charismata,

982 407 1113 440 sapit-ntia
1132 412 1156 432 et
1178 407 1297 439 cognitio
1312 427 1317 436 ,
1337 407 1409 432 sicut
1437 410 1534 431 caetera
1559 405 1650 430 onmia
1670 403 1760 428 ‹tix'nm

981 453 1145 478 charismata
1159 461 1164 482 ;
1185 452 1320 485 propriam
1336 460 1408 481 virro,
1427 456 1455 476 ut
1469 451 1575 484 singula
1588 450 1650 478 alia,
1663 449 1762 473 hala-nt

981 498 1172 530 operatium-tn.
1188 497 1367 528 Quamobrem
1378 497 1436 522 attis
1448 504 1599 522 semitoni-tn
1613 494 1742 527 sapit-utri
1753 511 1761 522 ‚

982 543 1042 568 aliis
1070 550 1222 568 sermonem
1250 542 1368 567 scientim
1382 561 1388 571 .
1405 542 1460 567 sive
1475 541 1647 574 cognitionis,
1663 547 1762 565 secuu-

981 588 1044 613 dum
1072 588 1195 613 eutntlent
1223 587 1363 620 Spiritum.
1390 587 1470 612 tribui
1500 590 1614 612 testatur
1645 585 1761 617 Aposto-

983 634 1023 659 lus
1035 633 1055 664 ³,
1072 633 1189 666 cognitio
1204 632 1274 658 enim
1298 633 1482 665 experimento
1501 631 1610 664 copulat
1623 629 1759 655 hominem

981 687 1041 704 cum
1068 677 1131 708 lli-o,
1160 686 1211 703 non
1230 677 1372 702 vxi-itanu«)
1399 677 1516 701 anitnatn
1545 676 1576 700 ad
1598 673 1761 708 loquendum

981 723 1013 749 de
1042 723 1130 749 rebus.
1155 723 1190 748 lix
1208 731 1260 756 quo
1278 724 1316 752 lit,
1344 727 1371 747 ut
1390 722 1471 755 aliqui
1493 730 1524 748 ex
1554 722 1597 751 iis,
1617 720 1661 754 qui
1679 719 1762 744 vitain

982 770 1131 796 solitariam
1154 770 1190 802 in]
1208 769 1298 795 studio
1320 768 1425 794 virtutis
1454 769 1574 801 degunt.
1608 765 1763 791 illuminen-

983 817 1026 838 tur
1046 813 1153 846 quidem
1176 814 1210 839 ab
1233 815 1289 846 ipsa
1310 813 1464 847 cognitione
1481 813 1508 838 in
1532 819 1634 841 sensu·‚
1653 810 1685 836 ad
1703 817 1763 835 ser-

983 866 1076 885 tnoncs
1092 866 1154 884 vero
1167 860 1198 885 de
1213 861 1293 884 rebus
1311 858 1412 884 (livinis
1428 866 1480 884 non
1497 857 1638 883 accedunt.
1651 855 1763 889 Sapien-

982 905 1017 930 tia
1043 912 1105 930 vero
1118 924 1125 934 ‚
1143 904 1165 930 si
1184 904 1228 930 cui
1246 908 1316 930 metu
1338 904 1397 935 l)ei‚
1419 904 1489 938 quod
1509 911 1599 929 rarum
1624 906 1686 933 est,
1714 902 1762 926 tri-

982 950 1090 979 buatur,
1111 950 1182 983 ipsas
1212 949 1375 983 cognitionis
1396 949 1568 982 operationes
1589 947 1762 979 manifestam

981 996 1198 1030 quandoquidem
1209 996 1327 1029 cognitio
1338 996 1446 1029 quidem
1457 995 1623 1028 operatione,
1632 993 1762 1027 sapientia

981 1049 1044 1067 vero
1063 1049 1187 1067 sermone
1199 1041 1267 1067 solt-t
1286 1041 1449 1066 illuminare.
1470 1039 1567 1065 Verum
1580 1038 1763 1072 cognitionem

980 1087 1087 1119 quidem
1111 1087 1198 1112 oratio
1222 1086 1317 1116 alli-rt,
1335 1090 1361 1112 et
1380 1086 1458 1120 quies
1476 1085 1558 1111 inulta
1577 1085 1602 1110 in
1629 1083 1764 1109 vacuitate

982 1132 1098 1165 pei-levia
1119 1132 1324 1163 sollicitudinis3
1345 1132 1507 1165 sapientiam
1527 1138 1589 1156 vero
1602 1129 1762 1155 exercitatio

981 1181 1136 1202 sanctarum
1152 1177 1355 1211 scripturarum
1376 1185 1428 1202 non
1449 1175 1605 1205 ambitiosa,
1623 1178 1648 1201 et
1665 1175 1690 1200 in
1708 1174 1764 1207 pri-

980 1223 1032 1249 mis
1047 1223 1132 1257 gratia
1145 1223 1284 1257 largientis
1302 1222 1357 1249 Dei.

1295 1288 1408 1315 ctxt‘L'T
1429 1288 1459 1314 X.

982 1346 1051 1379 Quid
1075 1347 1220 1373 curandum
1234 1367 1240 1375 ,
1271 1354 1328 1371 cum
1350 1344 1490 1370 irascibilis
1508 1348 1622 1369 moretur
1641 1343 1765 1367 ‹utin-nm

1016 1383 1165 1415 passiones:
1185 1387 1208 1407 ct
1231 1381 1292 1415 isttttl
1312 1381 1479 1413 faciendum,
1508 1388 1538 1404 ne
1561 1379 1696 1412 passiones
1721 1385 1765 1409 Jcr

1015 1418 1173 1447 aratianwn,
1189 1418 1225 1443 vel
1246 1425 1290 1449 per
1301 1417 1489 1448 eleemosynam
1506 1415 1603 1440 setlttta’
1619 1412 1764 1445 superbiam

1015 1453 1132 1486 yiynant.

942 1506 963 1533 C
1016 1507 1129 1539 Quando
1147 1514 1178 1533 ea
1197 1514 1259 1541 pars
1277 1507 1374 1532 animm
1391 1505 1532 1535 irascitur,
1549 1511 1608 1537 qum
1633 1502 1766 1528 adversus

983 1553 1124 1587 passiones
1147 1557 1280 1581 movetur,
1307 1551 1380 1577 scire
1396 1554 1502 1584 oportet
1525 1554 1632 1583 teinpus
1649 1555 1708 1573 esse
1729 1548 1766 1572 si-

982 1598 1067 1629 lentii,
1095 1601 1136 1624 est
1159 1598 1231 1624 enim
1250 1602 1356 1631 tempus
1375 1597 1471 1627 luctam
1500 1603 1562 1621 cum
1587 1601 1651 1621 vero
1668 1593 1766 1618 viderit

981 1643 1044 1677 quis
1061 1643 1146 1677 ipsius
1163 1644 1260 1670 anima:
1274 1649 1363 1669 motus
1378 1643 1563 1669 inconstantes
1573 1660 1579 1671 ‚
1595 1640 1635 1666 vel
1648 1647 1693 1673 pet·
1704 1646 1766 1664 ora-

981 1690 1100 1721 tionem,
1125 1690 1164 1716 vel
1197 1698 1242 1723 per
1273 1690 1471 1723 eleemosynam
1498 1688 1604 1717 sedari,
1635 1685 1764 1712 alliciatttt

982 1743 1075 1761 amore
1091 1740 1117 1760 et
1134 1736 1224 1761 studio
1241 1734 1457 1768 Scripturarunt,
1474 1735 1530 1759 alas
1546 1733 1643 1758 inentis
1659 1731 1766 1757 vinculo

982 1781 1143 1807 ltutnilitatis
1166 1782 1286 1807 lirtnans.
1317 1780 1400 1806 Nemo
1423 1780 1505 1809 enini,
1533 1778 1584 1804 nisi
1608 1785 1666 1803 sese
1690 1775 1766 1802 valde

982 1827 1136 1855 submittat,
1152 1830 1219 1853 etse
1236 1833 1283 1860 pro
1300 1826 1385 1852 nihilo
1399 1826 1489 1855 ducat,
1511 1827 1608 1858 poterit
1622 1822 1654 1848 de
1669 1822 1765 1855 ampli-

984 1873 1075 1898 tudine
1090 1872 1135 1898 Dei
1148 1880 1269 1898 narrare.

1285 1935 1398 1963 CAPUT
1416 1936 1465 1961 Xl.

983 2004 1036 2031 Cur
1054 2005 1185 2037 sapientia
1205 2004 1353 2037 spiritualis
1371 2012 1420 2029 nou
1439 2003 1472 2028 sit
1489 2003 1648 2031 ambitiosa,-
1664 2003 1766 2034 sapien-

1019 2039 1055 2064 tia
1069 2047 1126 2065 vero
1139 2039 1216 2072 liujus
1231 2039 1320 2064 nunniti·
1334 2039 1367 2063 sit
1380 2047 1387 2067 ,·
1401 2044 1423 2064 et
1441 2039 1507 2063 unde
1521 2043 1630 2063 tumstat
1642 2038 1696 2063 lnrc
1708 2045 1764 2070 pro-

1017 2075 1115 2107 prietas
1127 2074 1260 2106 sapientiffl
1274 2074 1430 2107 spiritualis.

1019 2128 1173 2163 Spiritualis
1194 2136 1282 2155 serino
1307 2136 1412 2162 semper
1439 2129 1556 2154 animam
1581 2136 1594 2153 a
1617 2127 1765 2161 cupiditate

983 2175 1071 2201 inanis
1094 2175 1186 2208 gloriae
1203 2174 1340 2205 custodit;
1366 2175 1430 2199 dum
1455 2175 1526 2199 enim
1551 2181 1632 2199 seusu
1659 2173 1768 2199 lumin'ts

984 2227 1078 2245 omnes
1102 2223 1193 2253 partes
1210 2220 1370 2253 ejttsjuvat‚
1387 2219 1462 2249 facit,
1483 2224 1509 2245 ut
1529 2227 1581 2245 non
1600 2227 1668 2253 opus
1688 2219 1710 2244 ei
1730 2219 1766 2244 sit

985 2266 1087 2291 honore
1119 2265 1268 2291 hominum.
1296 2265 1428 2297 Quocirca
1460 2274 1566 2299 semper
1591 2268 1708 2290 tuentem
1733 2265 1767 2290 ab

985 2311 1226 2345 imaginationibus
1242 2319 1355 2337 vacuam
1374 2314 1474 2341 servat,
1491 2311 1592 2344 quippe
1606 2317 1667 2336 cum
1682 2313 1765 2335 totam

984 2356 1016 2381 ad
1033 2357 1178 2382 amandum
1194 2356 1277 2383 Deum
1295 2361 1393 2383 vertat.
1422 2356 1518 2382 Sermo
1544 2363 1608 2382 vero
1630 2355 1768 2389 sapientia:

987 2402 1067 2436 hujus
1084 2403 1176 2428 mundi
1199 2411 1306 2436 semper
1322 2402 1354 2427 ad
1371 2402 1477 2428 inanem
1496 2401 1609 2435 gloriam
1632 2401 1767 2426 hominem

986 2447 1081 2474 invitat
1095 2457 1101 2474 :
1118 2448 1217 2474 etenim
1238 2449 1300 2482 quia
1319 2456 1373 2474 non
1396 2452 1484 2481 potest
1499 2455 1560 2473 eunt
1576 2446 1765 2480 experimento

986 2495 1196 2528 sensttsjuvare,
1213 2502 1331 2521 amorem
1345 2495 1432 2520 laudis
1442 2493 1560 2519 alumnis
1569 2493 1628 2519 suis
1643 2493 1767 2527 largitur.

986 2545 1114 2575 tanquam
1131 2541 1163 2567 ab
1177 2541 1329 2566 ambitiosis
1354 2540 1508 2565 hominibus
1525 2539 1603 2564 lit-tus
1622 2542 1649 2564 et
1673 2538 1756 2563 somna

987 2591 1040 2613 tus.
1063 2587 1243 2618 Quamobrem
1263 2588 1420 2620 qualitatem
1440 2586 1508 2611 hanc
1530 2585 1662 2611 sermonis
1685 2584 1767 2610 divini

987 2632 1089 2665 absque
1099 2638 1193 2657 errore
1206 2631 1410 2665 dignosccmus,
1425 2631 1446 2656 si
1464 2629 1572 2656 silentio
1584 2630 1657 2655 curis
1671 2636 1766 2659 vacuo,

986 2682 1118 2711 tempora,
1135 2685 1194 2711 quse
1208 2678 1240 2703 ad
1260 2677 1423 2710 loquendum
1442 2684 1494 2702 non
1517 2679 1579 2701 sunt
1598 2674 1746 2702 constituta
1759 2693 1766 2706 ,

986 2723 1012 2749 in
1028 2723 1158 2750 memoria
1174 2723 1218 2749 Dei
1235 2722 1336 2749 tei-vida
1354 2721 1614 2755 musunipserimus.
